<record><leader>00000cas a22000007a 4500</leader><controlfield tag="001">26781986</controlfield><controlfield tag="008">921014d190u1930mouwr ne      0    0eng d</controlfield><datafield ind1=" " ind2=" " tag="010"><subfield code="a">sn 92058921 </subfield></datafield><datafield ind1=" " ind2=" " tag="040"><subfield code="a">MQN</subfield><subfield code="b">eng</subfield><subfield code="c">MQN</subfield><subfield code="d">DLC</subfield><subfield code="d">MQN</subfield><subfield code="d">OCLCQ</subfield><subfield code="d">OCLCO</subfield></datafield><datafield ind1=" " ind2=" " tag="042"><subfield code="a">msc</subfield></datafield><datafield ind1=" " ind2=" " tag="043"><subfield code="a">n-us-mo</subfield></datafield><datafield ind1="0" ind2=" " tag="130"><subfield code="a">St. Louis labor (Saint Louis, Mo. : 1902)</subfield></datafield><datafield ind1="1" ind2="0" tag="245"><subfield code="a">St. Louis labor.</subfield></datafield><datafield ind1=" " ind2=" " tag="260"><subfield code="a">St. Louis, Mo. :</subfield><subfield code="b">Socialist Party of Missouri</subfield></datafield><datafield ind1=" " ind2=" " tag="300"><subfield code="a">v.</subfield></datafield><datafield ind1=" " ind2=" " tag="310"><subfield code="a">Weekly</subfield></datafield><datafield ind1="1" ind2=" " tag="362"><subfield code="a">Began in 1902?</subfield></datafield><datafield ind1="0" ind2=" " tag="362"><subfield code="a">-no. 1556 (Dec. 6, 1930).</subfield></datafield><datafield ind1=" " ind2=" " tag="580"><subfield code="a">State ed.: Labor (Saint Louis, Mo. : 1903).</subfield></datafield><datafield ind1=" " ind2=" " tag="588"><subfield code="a">Description based on: Vol. 2, no. 51 (Jan. 4, 1902).</subfield></datafield><datafield ind1="2" ind2="0" tag="610"><subfield code="a">Socialist Party of Missouri</subfield><subfield code="v">Newspapers.</subfield></datafield><datafield ind1=" " ind2="0" tag="650"><subfield code="a">Labor</subfield><subfield code="z">Missouri</subfield><subfield code="z">Saint Louis</subfield><subfield code="v">Newspapers.</subfield></datafield><datafield ind1=" " ind2="0" tag="650"><subfield code="a">Socialism</subfield><subfield code="z">Missouri</subfield><subfield code="z">Saint Louis</subfield><subfield code="v">Newspapers.</subfield></datafield><datafield ind1="2" ind2=" " tag="710"><subfield code="a">Socialist Party of Missouri.</subfield></datafield><datafield ind1=" " ind2=" " tag="752"><subfield code="a">United States</subfield><subfield code="b">Missouri</subfield><subfield code="d">Saint Louis.</subfield></datafield><datafield ind1="1" ind2=" " tag="775"><subfield code="t">Labor (Saint Louis, Mo. : 1903)</subfield><subfield code="w">(DLC)sn 92058922</subfield></datafield><datafield ind1="0" ind2="0" tag="785"><subfield code="t">Progressive press (Saint Louis, Mo.)</subfield><subfield code="w">(DLC)sn 90061814</subfield></datafield></record>